%YAML 1.1
%TAG !u! tag:unity3d.com,2011:
--- !u!1 &4460164438661339531
GameObject:
  m_ObjectHideFlags: 0
  m_CorrespondingSourceObject: {fileID: 0}
  m_PrefabInstance: {fileID: 0}
  m_PrefabAsset: {fileID: 0}
  serializedVersion: 6
  m_Component:
  - component: {fileID: 4460164438661339530}
  - component: {fileID: 4460164438661339528}
  - component: {fileID: 4460164438661339529}
  m_Layer: 0
  m_Name: AlmaMonsterDelta_0002_Capa-2
  m_TagString: Untagged
  m_Icon: {fileID: 0}
  m_NavMeshLayer: 0
  m_StaticEditorFlags: 0
  m_IsActive: 1
--- !u!4 &4460164438661339530
Transform:
  m_ObjectHideFlags: 0
  m_CorrespondingSourceObject: {fileID: 0}
  m_PrefabInstance: {fileID: 0}
  m_PrefabAsset: {fileID: 0}
  m_GameObject: {fileID: 4460164438661339531}
  m_LocalRotation: {x: 0, y: 0, z: 0.00000005860007, w: 1}
  m_LocalPosition: {x: -0.010000827, y: 0.15000106, z: -0.001}
  m_LocalScale: {x: 1, y: 1, z: 1}
  m_Children: []
  m_Father: {fileID: 4460164440407472800}
  m_RootOrder: 1
  m_LocalEulerAnglesHint: {x: 0, y: 0, z: 0}
--- !u!23 &4460164438661339528
MeshRenderer:
  m_ObjectHideFlags: 0
  m_CorrespondingSourceObject: {fileID: 0}
  m_PrefabInstance: {fileID: 0}
  m_PrefabAsset: {fileID: 0}
  m_GameObject: {fileID: 4460164438661339531}
  m_Enabled: 1
  m_CastShadows: 1
  m_ReceiveShadows: 1
  m_DynamicOccludee: 1
  m_MotionVectors: 1
  m_LightProbeUsage: 1
  m_ReflectionProbeUsage: 1
  m_RayTracingMode: 2
  m_RenderingLayerMask: 1
  m_RendererPriority: 0
  m_Materials:
  - {fileID: 2100000, guid: fcd666b905841f0439b66854ca43d532, type: 2}
  m_StaticBatchInfo:
    firstSubMesh: 0
    subMeshCount: 0
  m_StaticBatchRoot: {fileID: 0}
  m_ProbeAnchor: {fileID: 0}
  m_LightProbeVolumeOverride: {fileID: 0}
  m_ScaleInLightmap: 1
  m_ReceiveGI: 1
  m_PreserveUVs: 0
  m_IgnoreNormalsForChartDetection: 0
  m_ImportantGI: 0
  m_StitchLightmapSeams: 1
  m_SelectedEditorRenderState: 3
  m_MinimumChartSize: 4
  m_AutoUVMaxDistance: 0.5
  m_AutoUVMaxAngle: 89
  m_LightmapParameters: {fileID: 0}
  m_SortingLayerID: 1784899111
  m_SortingLayer: 3
  m_SortingOrder: 10
--- !u!33 &4460164438661339529
MeshFilter:
  m_ObjectHideFlags: 0
  m_CorrespondingSourceObject: {fileID: 0}
  m_PrefabInstance: {fileID: 0}
  m_PrefabAsset: {fileID: 0}
  m_GameObject: {fileID: 4460164438661339531}
  m_Mesh: {fileID: 0}
--- !u!1 &4460164439856868058
GameObject:
  m_ObjectHideFlags: 0
  m_CorrespondingSourceObject: {fileID: 0}
  m_PrefabInstance: {fileID: 0}
  m_PrefabAsset: {fileID: 0}
  serializedVersion: 6
  m_Component:
  - component: {fileID: 4460164439856868057}
  - component: {fileID: 4460164439856868039}
  - component: {fileID: 4460164439856868056}
  m_Layer: 0
  m_Name: AlmaMonsterDelta_0003_Capa-1
  m_TagString: Untagged
  m_Icon: {fileID: 0}
  m_NavMeshLayer: 0
  m_StaticEditorFlags: 0
  m_IsActive: 1
--- !u!4 &4460164439856868057
Transform:
  m_ObjectHideFlags: 0
  m_CorrespondingSourceObject: {fileID: 0}
  m_PrefabInstance: {fileID: 0}
  m_PrefabAsset: {fileID: 0}
  m_GameObject: {fileID: 4460164439856868058}
  m_LocalRotation: {x: 0, y: 0, z: -0.000000001336888, w: 1}
  m_LocalPosition: {x: -0.010009692, y: -0.00000010220134, z: 0}
  m_LocalScale: {x: 1, y: 1, z: 1}
  m_Children: []
  m_Father: {fileID: 4460164440407472800}
  m_RootOrder: 0
  m_LocalEulerAnglesHint: {x: 0, y: 0, z: 0}
--- !u!23 &4460164439856868039
MeshRenderer:
  m_ObjectHideFlags: 0
  m_CorrespondingSourceObject: {fileID: 0}
  m_PrefabInstance: {fileID: 0}
  m_PrefabAsset: {fileID: 0}
  m_GameObject: {fileID: 4460164439856868058}
  m_Enabled: 1
  m_CastShadows: 1
  m_ReceiveShadows: 1
  m_DynamicOccludee: 1
  m_MotionVectors: 1
  m_LightProbeUsage: 1
  m_ReflectionProbeUsage: 1
  m_RayTracingMode: 2
  m_RenderingLayerMask: 1
  m_RendererPriority: 0
  m_Materials:
  - {fileID: 2100000, guid: fcd666b905841f0439b66854ca43d532, type: 2}
  m_StaticBatchInfo:
    firstSubMesh: 0
    subMeshCount: 0
  m_StaticBatchRoot: {fileID: 0}
  m_ProbeAnchor: {fileID: 0}
  m_LightProbeVolumeOverride: {fileID: 0}
  m_ScaleInLightmap: 1
  m_ReceiveGI: 1
  m_PreserveUVs: 0
  m_IgnoreNormalsForChartDetection: 0
  m_ImportantGI: 0
  m_StitchLightmapSeams: 1
  m_SelectedEditorRenderState: 3
  m_MinimumChartSize: 4
  m_AutoUVMaxDistance: 0.5
  m_AutoUVMaxAngle: 89
  m_LightmapParameters: {fileID: 0}
  m_SortingLayerID: 1784899111
  m_SortingLayer: 3
  m_SortingOrder: 0
--- !u!33 &4460164439856868056
MeshFilter:
  m_ObjectHideFlags: 0
  m_CorrespondingSourceObject: {fileID: 0}
  m_PrefabInstance: {fileID: 0}
  m_PrefabAsset: {fileID: 0}
  m_GameObject: {fileID: 4460164439856868058}
  m_Mesh: {fileID: 0}
--- !u!1 &4460164439902534519
GameObject:
  m_ObjectHideFlags: 0
  m_CorrespondingSourceObject: {fileID: 0}
  m_PrefabInstance: {fileID: 0}
  m_PrefabAsset: {fileID: 0}
  serializedVersion: 6
  m_Component:
  - component: {fileID: 4460164439902534518}
  - component: {fileID: 4460164439902534516}
  - component: {fileID: 4460164439902534517}
  m_Layer: 0
  m_Name: AlmaMonsterDelta_0001_Capa-3
  m_TagString: Untagged
  m_Icon: {fileID: 0}
  m_NavMeshLayer: 0
  m_StaticEditorFlags: 0
  m_IsActive: 1
--- !u!4 &4460164439902534518
Transform:
  m_ObjectHideFlags: 0
  m_CorrespondingSourceObject: {fileID: 0}
  m_PrefabInstance: {fileID: 0}
  m_PrefabAsset: {fileID: 0}
  m_GameObject: {fileID: 4460164439902534519}
  m_LocalRotation: {x: 0, y: 0, z: 0.000000118256565, w: 1}
  m_LocalPosition: {x: -2.2999995, y: 1.4249994, z: -0.002}
  m_LocalScale: {x: 1, y: 1, z: 1}
  m_Children: []
  m_Father: {fileID: 4460164440407472800}
  m_RootOrder: 2
  m_LocalEulerAnglesHint: {x: 0, y: 0, z: 0}
--- !u!23 &4460164439902534516
MeshRenderer:
  m_ObjectHideFlags: 0
  m_CorrespondingSourceObject: {fileID: 0}
  m_PrefabInstance: {fileID: 0}
  m_PrefabAsset: {fileID: 0}
  m_GameObject: {fileID: 4460164439902534519}
  m_Enabled: 1
  m_CastShadows: 1
  m_ReceiveShadows: 1
  m_DynamicOccludee: 1
  m_MotionVectors: 1
  m_LightProbeUsage: 1
  m_ReflectionProbeUsage: 1
  m_RayTracingMode: 2
  m_RenderingLayerMask: 1
  m_RendererPriority: 0
  m_Materials:
  - {fileID: 2100000, guid: fcd666b905841f0439b66854ca43d532, type: 2}
  m_StaticBatchInfo:
    firstSubMesh: 0
    subMeshCount: 0
  m_StaticBatchRoot: {fileID: 0}
  m_ProbeAnchor: {fileID: 0}
  m_LightProbeVolumeOverride: {fileID: 0}
  m_ScaleInLightmap: 1
  m_ReceiveGI: 1
  m_PreserveUVs: 0
  m_IgnoreNormalsForChartDetection: 0
  m_ImportantGI: 0
  m_StitchLightmapSeams: 1
  m_SelectedEditorRenderState: 3
  m_MinimumChartSize: 4
  m_AutoUVMaxDistance: 0.5
  m_AutoUVMaxAngle: 89
  m_LightmapParameters: {fileID: 0}
  m_SortingLayerID: 1784899111
  m_SortingLayer: 3
  m_SortingOrder: 20
--- !u!33 &4460164439902534517
MeshFilter:
  m_ObjectHideFlags: 0
  m_CorrespondingSourceObject: {fileID: 0}
  m_PrefabInstance: {fileID: 0}
  m_PrefabAsset: {fileID: 0}
  m_GameObject: {fileID: 4460164439902534519}
  m_Mesh: {fileID: 0}
--- !u!1 &4460164439955218764
GameObject:
  m_ObjectHideFlags: 0
  m_CorrespondingSourceObject: {fileID: 0}
  m_PrefabInstance: {fileID: 0}
  m_PrefabAsset: {fileID: 0}
  serializedVersion: 6
  m_Component:
  - component: {fileID: 4460164439955218763}
  - component: {fileID: 4460164439955218761}
  - component: {fileID: 4460164439955218762}
  m_Layer: 0
  m_Name: AlmaMonsterDelta_0000_Capa-4
  m_TagString: Untagged
  m_Icon: {fileID: 0}
  m_NavMeshLayer: 0
  m_StaticEditorFlags: 0
  m_IsActive: 1
--- !u!4 &4460164439955218763
Transform:
  m_ObjectHideFlags: 0
  m_CorrespondingSourceObject: {fileID: 0}
  m_PrefabInstance: {fileID: 0}
  m_PrefabAsset: {fileID: 0}
  m_GameObject: {fileID: 4460164439955218764}
  m_LocalRotation: {x: 0, y: 0, z: -2.2117971e-10, w: 1}
  m_LocalPosition: {x: -4.0500007, y: 3.8750002, z: -0.003}
  m_LocalScale: {x: 1, y: 1, z: 1}
  m_Children: []
  m_Father: {fileID: 4460164440407472800}
  m_RootOrder: 3
  m_LocalEulerAnglesHint: {x: 0, y: 0, z: 0}
--- !u!23 &4460164439955218761
MeshRenderer:
  m_ObjectHideFlags: 0
  m_CorrespondingSourceObject: {fileID: 0}
  m_PrefabInstance: {fileID: 0}
  m_PrefabAsset: {fileID: 0}
  m_GameObject: {fileID: 4460164439955218764}
  m_Enabled: 1
  m_CastShadows: 1
  m_ReceiveShadows: 1
  m_DynamicOccludee: 1
  m_MotionVectors: 1
  m_LightProbeUsage: 1
  m_ReflectionProbeUsage: 1
  m_RayTracingMode: 2
  m_RenderingLayerMask: 1
  m_RendererPriority: 0
  m_Materials:
  - {fileID: 2100000, guid: fcd666b905841f0439b66854ca43d532, type: 2}
  m_StaticBatchInfo:
    firstSubMesh: 0
    subMeshCount: 0
  m_StaticBatchRoot: {fileID: 0}
  m_ProbeAnchor: {fileID: 0}
  m_LightProbeVolumeOverride: {fileID: 0}
  m_ScaleInLightmap: 1
  m_ReceiveGI: 1
  m_PreserveUVs: 0
  m_IgnoreNormalsForChartDetection: 0
  m_ImportantGI: 0
  m_StitchLightmapSeams: 1
  m_SelectedEditorRenderState: 3
  m_MinimumChartSize: 4
  m_AutoUVMaxDistance: 0.5
  m_AutoUVMaxAngle: 89
  m_LightmapParameters: {fileID: 0}
  m_SortingLayerID: 1784899111
  m_SortingLayer: 3
  m_SortingOrder: 30
--- !u!33 &4460164439955218762
MeshFilter:
  m_ObjectHideFlags: 0
  m_CorrespondingSourceObject: {fileID: 0}
  m_PrefabInstance: {fileID: 0}
  m_PrefabAsset: {fileID: 0}
  m_GameObject: {fileID: 4460164439955218764}
  m_Mesh: {fileID: 0}
--- !u!1 &4460164440003913332
GameObject:
  m_ObjectHideFlags: 0
  m_CorrespondingSourceObject: {fileID: 0}
  m_PrefabInstance: {fileID: 0}
  m_PrefabAsset: {fileID: 0}
  serializedVersion: 6
  m_Component:
  - component: {fileID: 4460164440003913343}
  - component: {fileID: 4460164440003913328}
  - component: {fileID: 4460164440003913329}
  - component: {fileID: 4460164440003913330}
  - component: {fileID: 4460164440003913331}
  - component: {fileID: 4460164440003913342}
  m_Layer: 0
  m_Name: patrullero
  m_TagString: die
  m_Icon: {fileID: 0}
  m_NavMeshLayer: 0
  m_StaticEditorFlags: 0
  m_IsActive: 1
--- !u!4 &4460164440003913343
Transform:
  m_ObjectHideFlags: 0
  m_CorrespondingSourceObject: {fileID: 0}
  m_PrefabInstance: {fileID: 0}
  m_PrefabAsset: {fileID: 0}
  m_GameObject: {fileID: 4460164440003913332}
  m_LocalRotation: {x: 0, y: 0, z: 0, w: 1}
  m_LocalPosition: {x: 55.1, y: 12.83, z: 0}
  m_LocalScale: {x: 1.8942719, y: 1.8942719, z: 1.8942719}
  m_Children:
  - {fileID: 4460164440407472800}
  - {fileID: 5635229937970356253}
  m_Father: {fileID: 0}
  m_RootOrder: 0
  m_LocalEulerAnglesHint: {x: 0, y: 0, z: 0}
--- !u!212 &4460164440003913328
SpriteRenderer:
  m_ObjectHideFlags: 0
  m_CorrespondingSourceObject: {fileID: 0}
  m_PrefabInstance: {fileID: 0}
  m_PrefabAsset: {fileID: 0}
  m_GameObject: {fileID: 4460164440003913332}
  m_Enabled: 0
  m_CastShadows: 0
  m_ReceiveShadows: 0
  m_DynamicOccludee: 1
  m_MotionVectors: 1
  m_LightProbeUsage: 1
  m_ReflectionProbeUsage: 1
  m_RayTracingMode: 0
  m_RenderingLayerMask: 1
  m_RendererPriority: 0
  m_Materials:
  - {fileID: 10754, guid: 0000000000000000f000000000000000, type: 0}
  m_StaticBatchInfo:
    firstSubMesh: 0
    subMeshCount: 0
  m_StaticBatchRoot: {fileID: 0}
  m_ProbeAnchor: {fileID: 0}
  m_LightProbeVolumeOverride: {fileID: 0}
  m_ScaleInLightmap: 1
  m_ReceiveGI: 1
  m_PreserveUVs: 0
  m_IgnoreNormalsForChartDetection: 0
  m_ImportantGI: 0
  m_StitchLightmapSeams: 1
  m_SelectedEditorRenderState: 0
  m_MinimumChartSize: 4
  m_AutoUVMaxDistance: 0.5
  m_AutoUVMaxAngle: 89
  m_LightmapParameters: {fileID: 0}
  m_SortingLayerID: -1890711281
  m_SortingLayer: 5
  m_SortingOrder: 0
  m_Sprite: {fileID: 21300000, guid: 4b94ea43ccf955f49b3557f55cc0ef2a, type: 3}
  m_Color: {r: 1, g: 1, b: 1, a: 1}
  m_FlipX: 0
  m_FlipY: 0
  m_DrawMode: 0
  m_Size: {x: 1, y: 1}
  m_AdaptiveModeThreshold: 0.5
  m_SpriteTileMode: 0
  m_WasSpriteAssigned: 1
  m_MaskInteraction: 0
  m_SpriteSortPoint: 0
--- !u!61 &4460164440003913329
BoxCollider2D:
  m_ObjectHideFlags: 0
  m_CorrespondingSourceObject: {fileID: 0}
  m_PrefabInstance: {fileID: 0}
  m_PrefabAsset: {fileID: 0}
  m_GameObject: {fileID: 4460164440003913332}
  m_Enabled: 1
  m_Density: 1
  m_Material: {fileID: 0}
  m_IsTrigger: 0
  m_UsedByEffector: 0
  m_UsedByComposite: 0
  m_Offset: {x: -0.15810907, y: -0.06324339}
  m_SpriteTilingProperty:
    border: {x: 0, y: 0, z: 0, w: 0}
    pivot: {x: 0.5, y: 0.5}
    oldSize: {x: 1, y: 1}
    newSize: {x: 1, y: 1}
    adaptiveTilingThreshold: 0.5
    drawMode: 0
    adaptiveTiling: 0
  m_AutoTiling: 0
  serializedVersion: 2
  m_Size: {x: 1.3162181, y: 2.1805463}
  m_EdgeRadius: 0
--- !u!50 &4460164440003913330
Rigidbody2D:
  serializedVersion: 4
  m_ObjectHideFlags: 0
  m_CorrespondingSourceObject: {fileID: 0}
  m_PrefabInstance: {fileID: 0}
  m_PrefabAsset: {fileID: 0}
  m_GameObject: {fileID: 4460164440003913332}
  m_BodyType: 0
  m_Simulated: 1
  m_UseFullKinematicContacts: 0
  m_UseAutoMass: 0
  m_Mass: 1
  m_LinearDrag: 0
  m_AngularDrag: 0.05
  m_GravityScale: 0
  m_Material: {fileID: 0}
  m_Interpolate: 0
  m_SleepingMode: 1
  m_CollisionDetection: 0
  m_Constraints: 4
--- !u!114 &4460164440003913331
MonoBehaviour:
  m_ObjectHideFlags: 0
  m_CorrespondingSourceObject: {fileID: 0}
  m_PrefabInstance: {fileID: 0}
  m_PrefabAsset: {fileID: 0}
  m_GameObject: {fileID: 4460164440003913332}
  m_Enabled: 1
  m_EditorHideFlags: 0
  m_Script: {fileID: 11500000, guid: bb7c596c9ac3ebd41995839153c14172, type: 3}
  m_Name: 
  m_EditorClassIdentifier: 
  posiciones:
  - {fileID: 0}
  - {fileID: 0}
  EnemyVel: 2
--- !u!70 &4460164440003913342
CapsuleCollider2D:
  m_ObjectHideFlags: 0
  m_CorrespondingSourceObject: {fileID: 0}
  m_PrefabInstance: {fileID: 0}
  m_PrefabAsset: {fileID: 0}
  m_GameObject: {fileID: 4460164440003913332}
  m_Enabled: 0
  m_Density: 1
  m_Material: {fileID: 0}
  m_IsTrigger: 0
  m_UsedByEffector: 0
  m_UsedByComposite: 0
  m_Offset: {x: -0.14872666, y: -0.20469387}
  m_Size: {x: 1.2974533, y: 2.1465104}
  m_Direction: 0
--- !u!1 &4460164440407472801
GameObject:
  m_ObjectHideFlags: 0
  m_CorrespondingSourceObject: {fileID: 0}
  m_PrefabInstance: {fileID: 0}
  m_PrefabAsset: {fileID: 0}
  serializedVersion: 6
  m_Component:
  - component: {fileID: 4460164440407472800}
  - component: {fileID: 4460164440407472814}
  - component: {fileID: 4460164440407472815}
  m_Layer: 0
  m_Name: Armature
  m_TagString: Untagged
  m_Icon: {fileID: 0}
  m_NavMeshLayer: 0
  m_StaticEditorFlags: 0
  m_IsActive: 1
--- !u!4 &4460164440407472800
Transform:
  m_ObjectHideFlags: 0
  m_CorrespondingSourceObject: {fileID: 0}
  m_PrefabInstance: {fileID: 0}
  m_PrefabAsset: {fileID: 0}
  m_GameObject: {fileID: 4460164440407472801}
  m_LocalRotation: {x: 0, y: 0, z: 0, w: 1}
  m_LocalPosition: {x: 0, y: 0, z: 0}
  m_LocalScale: {x: 0.10662, y: 0.10662, z: 0.10662}
  m_Children:
  - {fileID: 4460164439856868057}
  - {fileID: 4460164438661339530}
  - {fileID: 4460164439902534518}
  - {fileID: 4460164439955218763}
  m_Father: {fileID: 4460164440003913343}
  m_RootOrder: 0
  m_LocalEulerAnglesHint: {x: 0, y: 0, z: 0}
--- !u!114 &4460164440407472814
MonoBehaviour:
  m_ObjectHideFlags: 0
  m_CorrespondingSourceObject: {fileID: 0}
  m_PrefabInstance: {fileID: 0}
  m_PrefabAsset: {fileID: 0}
  m_GameObject: {fileID: 4460164440407472801}
  m_Enabled: 1
  m_EditorHideFlags: 0
  m_Script: {fileID: 11500000, guid: f825bb5ce93d6ab429dfa508444119b0, type: 3}
  m_Name: 
  m_EditorClassIdentifier: 
  unityData: {fileID: 11400000, guid: ce68782b92d09a449b9c2462c535d020, type: 2}
  armatureName: Armature
  isUGUI: 0
  addNormal: 0
  bonesRoot: {fileID: 0}
  unityBones: []
  boneHierarchy: 0
  animationName: Idle
  _playTimes: 0
  _timeScale: 1
  _sortingMode: 1
  _sortingLayerName: Suelo
  _sortingOrder: 0
  _zSpace: 0
  _flipX: 0
  _flipY: 0
--- !u!210 &4460164440407472815
SortingGroup:
  m_ObjectHideFlags: 0
  m_CorrespondingSourceObject: {fileID: 0}
  m_PrefabInstance: {fileID: 0}
  m_PrefabAsset: {fileID: 0}
  m_GameObject: {fileID: 4460164440407472801}
  m_Enabled: 1
  m_SortingLayerID: 1784899111
  m_SortingLayer: 3
  m_SortingOrder: 0
--- !u!1001 &2056676194652304691
PrefabInstance:
  m_ObjectHideFlags: 0
  serializedVersion: 2
  m_Modification:
    m_TransformParent: {fileID: 4460164440003913343}
    m_Modifications:
    - target: {fileID: 5962365545492649257, guid: 1085dc54789e00c48a96692a2d34fdbc,
        type: 3}
      propertyPath: simulationSpeed
      value: 0.37
      objectReference: {fileID: 0}
    - target: {fileID: 5962365545492649259, guid: 1085dc54789e00c48a96692a2d34fdbc,
        type: 3}
      propertyPath: m_Name
      value: ps
      objectReference: {fileID: 0}
    - target: {fileID: 5962365545492649262, guid: 1085dc54789e00c48a96692a2d34fdbc,
        type: 3}
      propertyPath: m_LocalPosition.x
      value: 0.475
      objectReference: {fileID: 0}
    - target: {fileID: 5962365545492649262, guid: 1085dc54789e00c48a96692a2d34fdbc,
        type: 3}
      propertyPath: m_LocalPosition.y
      value: 0.027
      objectReference: {fileID: 0}
    - target: {fileID: 5962365545492649262, guid: 1085dc54789e00c48a96692a2d34fdbc,
        type: 3}
      propertyPath: m_LocalPosition.z
      value: 0
      objectReference: {fileID: 0}
    - target: {fileID: 5962365545492649262, guid: 1085dc54789e00c48a96692a2d34fdbc,
        type: 3}
      propertyPath: m_LocalRotation.x
      value: -0.7071068
      objectReference: {fileID: 0}
    - target: {fileID: 5962365545492649262, guid: 1085dc54789e00c48a96692a2d34fdbc,
        type: 3}
      propertyPath: m_LocalRotation.y
      value: 0
      objectReference: {fileID: 0}
    - target: {fileID: 5962365545492649262, guid: 1085dc54789e00c48a96692a2d34fdbc,
        type: 3}
      propertyPath: m_LocalRotation.z
      value: 0
      objectReference: {fileID: 0}
    - target: {fileID: 5962365545492649262, guid: 1085dc54789e00c48a96692a2d34fdbc,
        type: 3}
      propertyPath: m_LocalRotation.w
      value: 0.7071068
      objectReference: {fileID: 0}
    - target: {fileID: 5962365545492649262, guid: 1085dc54789e00c48a96692a2d34fdbc,
        type: 3}
      propertyPath: m_RootOrder
      value: 1
      objectReference: {fileID: 0}
    - target: {fileID: 5962365545492649262, guid: 1085dc54789e00c48a96692a2d34fdbc,
        type: 3}
      propertyPath: m_LocalEulerAnglesHint.x
      value: -90
      objectReference: {fileID: 0}
    - target: {fileID: 5962365545492649262, guid: 1085dc54789e00c48a96692a2d34fdbc,
        type: 3}
      propertyPath: m_LocalEulerAnglesHint.y
      value: 0
      objectReference: {fileID: 0}
    - target: {fileID: 5962365545492649262, guid: 1085dc54789e00c48a96692a2d34fdbc,
        type: 3}
      propertyPath: m_LocalEulerAnglesHint.z
      value: 0
      objectReference: {fileID: 0}
    - target: {fileID: 5962365545492649262, guid: 1085dc54789e00c48a96692a2d34fdbc,
        type: 3}
      propertyPath: m_LocalScale.x
      value: 1.9409
      objectReference: {fileID: 0}
    - target: {fileID: 5962365545492649262, guid: 1085dc54789e00c48a96692a2d34fdbc,
        type: 3}
      propertyPath: m_LocalScale.y
      value: 1.9409
      objectReference: {fileID: 0}
    - target: {fileID: 5962365545492649262, guid: 1085dc54789e00c48a96692a2d34fdbc,
        type: 3}
      propertyPath: m_LocalScale.z
      value: 1.9409
      objectReference: {fileID: 0}
    - target: {fileID: 5962365546215096565, guid: 1085dc54789e00c48a96692a2d34fdbc,
        type: 3}
      propertyPath: m_SortingLayerID
      value: 118241199
      objectReference: {fileID: 0}
    - target: {fileID: 5962365546215096565, guid: 1085dc54789e00c48a96692a2d34fdbc,
        type: 3}
      propertyPath: m_SortingLayer
      value: 6
      objectReference: {fileID: 0}
    m_RemovedComponents: []
  m_SourcePrefab: {fileID: 100100000, guid: 1085dc54789e00c48a96692a2d34fdbc, type: 3}
--- !u!4 &5635229937970356253 stripped
Transform:
  m_CorrespondingSourceObject: {fileID: 5962365545492649262, guid: 1085dc54789e00c48a96692a2d34fdbc,
    type: 3}
  m_PrefabInstance: {fileID: 2056676194652304691}
  m_PrefabAsset: {fileID: 0}
